[gd_scene load_steps=11 format=2]

[ext_resource path="res://Sprites/butler-Sheet.png" type="Texture" id=1]
[ext_resource path="res://Scripts/Butler.gd" type="Script" id=2]
[ext_resource path="res://Fonts/dynamic_font.tres" type="DynamicFont" id=3]

[sub_resource type="RectangleShape2D" id=1]
extents = Vector2( 10, 21.0792 )

[sub_resource type="CircleShape2D" id=2]
radius = 223.539

[sub_resource type="Animation" id=3]
resource_name = "dead"
length = 0.5
tracks/0/type = "value"
tracks/0/path = NodePath("Sprite:frame")
tracks/0/interp = 1
tracks/0/loop_wrap = true
tracks/0/imported = false
tracks/0/enabled = true
tracks/0/keys = {
"times": PoolRealArray( 0, 0.1, 0.2 ),
"transitions": PoolRealArray( 1, 1, 1 ),
"update": 1,
"values": [ 16, 17, 18 ]
}

[sub_resource type="Animation" id=4]
resource_name = "hurt"
length = 0.5
tracks/0/type = "value"
tracks/0/path = NodePath("Sprite:frame")
tracks/0/interp = 1
tracks/0/loop_wrap = true
tracks/0/imported = false
tracks/0/enabled = true
tracks/0/keys = {
"times": PoolRealArray( 0, 0.1, 0.2, 0.3 ),
"transitions": PoolRealArray( 1, 1, 1, 1 ),
"update": 1,
"values": [ 0, 14, 15, 16 ]
}

[sub_resource type="Animation" id=5]
resource_name = "throw"
tracks/0/type = "value"
tracks/0/path = NodePath("Sprite:frame")
tracks/0/interp = 1
tracks/0/loop_wrap = true
tracks/0/imported = false
tracks/0/enabled = true
tracks/0/keys = {
"times": PoolRealArray( 0, 0.1, 0.2, 0.3, 0.4, 0.5, 0.6, 0.7 ),
"transitions": PoolRealArray( 1, 1, 1, 1, 1, 1, 1, 1 ),
"update": 1,
"values": [ 6, 7, 8, 9, 10, 11, 12, 13 ]
}

[sub_resource type="Animation" id=6]
resource_name = "walking"
length = 0.5
tracks/0/type = "value"
tracks/0/path = NodePath("Sprite:frame")
tracks/0/interp = 1
tracks/0/loop_wrap = true
tracks/0/imported = false
tracks/0/enabled = true
tracks/0/keys = {
"times": PoolRealArray( 0, 0.1, 0.2, 0.4 ),
"transitions": PoolRealArray( 1, 1, 1, 1 ),
"update": 1,
"values": [ 0, 1, 2, 0 ]
}

[sub_resource type="RectangleShape2D" id=7]
extents = Vector2( 7.85126, 3.13882 )

[node name="Butler" type="KinematicBody2D"]
collision_layer = 71
collision_mask = 71
script = ExtResource( 2 )

[node name="Sprite" type="Sprite" parent="."]
texture = ExtResource( 1 )
hframes = 19

[node name="CollisionShape2D" type="CollisionShape2D" parent="."]
position = Vector2( -4.53205, -0.0730991 )
shape = SubResource( 1 )

[node name="Plate_pos" type="Position2D" parent="."]
position = Vector2( 26.0462, -22.4105 )

[node name="Area2D" type="Area2D" parent="."]
visible = false
collision_layer = 7
collision_mask = 7

[node name="CollisionShape2D" type="CollisionShape2D" parent="Area2D"]
shape = SubResource( 2 )

[node name="AnimationPlayer" type="AnimationPlayer" parent="."]
anims/dead = SubResource( 3 )
anims/hurt = SubResource( 4 )
anims/throw = SubResource( 5 )
anims/walking = SubResource( 6 )

[node name="Platehb" type="CollisionShape2D" parent="."]
position = Vector2( 16.6855, -11.513 )
shape = SubResource( 7 )

[node name="Popup" type="Label" parent="."]
visible = false
margin_right = 40.0
margin_bottom = 14.0
custom_fonts/font = ExtResource( 3 )
custom_colors/font_color = Color( 0.984314, 0.94902, 0.211765, 1 )
custom_colors/font_color_shadow = Color( 0, 0, 0, 1 )
text = "+30 Score"
__meta__ = {
"_edit_use_anchors_": false
}
[connection signal="body_entered" from="Area2D" to="." method="_on_Area2D_body_entered"]
[connection signal="body_exited" from="Area2D" to="." method="_on_Area2D_body_exited"]
[connection signal="animation_finished" from="AnimationPlayer" to="." method="_on_AnimationPlayer_animation_finished"]
